@inproceedings{Gedik:2008:SSS:1376616.1376729,
 author = {Gedik, Bugra and Andrade, Henrique and Wu, Kun-Lung and Yu, Philip S. and Doo, Myungcheol},
 title = {SPADE: the system s declarative stream processing engine},
 booktitle = {Proceedings of the 2008 ACM SIGMOD international conference on Management of data},
 series = {SIGMOD '08},
 year = {2008},
 isbn = {978-1-60558-102-6},
 location = {Vancouver, Canada},
 pages = {1123--1134},
 numpages = {12},
 url = {http://doi.acm.org/10.1145/1376616.1376729},
 doi = {10.1145/1376616.1376729},
 acmid = {1376729},
 publisher = {ACM},
 address = {New York, NY, USA},
 keywords = {distributed data stream processing},
} 

@article{10.1109/ICDE.2000.839382,
	Address = {Los Alamitos, CA, USA},
	Author = {Jim Gray and Prashant Shenoy},
	Doi = {http://doi.ieeecomputersociety.org/10.1109/ICDE.2000.839382},
	Issn = {1063-6382},
	Journal = {International Conference on Data Engineering},
	Publisher = {IEEE Computer Society},
	Title = {Rules of Thumb in Data Engineering},
	Year = {2000},
	Bdsk-Url-1 = {http://doi.ieeecomputersociety.org/10.1109/ICDE.2000.839382}}

@inproceedings{berriman11,
 author = {V\"{o}ckler, Jens-S\"{o}nke and Juve, Gideon and Deelman, Ewa and Rynge, Mats and Berriman, Bruce},
 title = {Experiences using cloud computing for a scientific workflow application},
 booktitle = {Proceedings of the 2nd International Workshop on Scientific Cloud Computing},
 series = {ScienceCloud '11},
 year = {2011},
 isbn = {978-1-4503-0699-7},
 location = {San Jose, California, USA},
 pages = {15--24},
 numpages = {10},
 url = {http://doi.acm.org/10.1145/1996109.1996114},
 doi = {http://doi.acm.org/10.1145/1996109.1996114},
 acmid = {1996114},
 publisher = {ACM},
 address = {New York, NY, USA},
 keywords = {EC2, cross cloud computing, eucalyptus, experience, futuregrid, magellan, nimbus, pegasus, periodigrams, sky computing, workflow},
}

@misc{SAMtools,
	title = {The Sequence Alignment/{Map} format and {SAMtools}},
	author= {Li H and Handsaker B and Wysoker A and Fennell T and Ruan J and Homer N and Marth G and Abecasis G and Durbin R},
	journal={Bioinformatics},
	year={2009},
	note={\url{http://www.htslib.org}}
}

@article{BioJava,
	title = {{BioJava}: an Open-Source Framework for Bioinformatics},
	author={R.C.G. Holland and T. Down and M. Pocock and A. Prlic and D. Huen and K. James and S. Foisy and A. Dräger and A. Yates and M. Heuer and M.J. Schreiber},
	journal={Bioinformatics},
	year={2008},
	note={\url{http://biojava.org}},
}

@misc{BioPerl,
	title = {{BioPerl}},
	note={\url{http://www.bioperl.org}},
}

@misc{.NETBio,
	title = {{.NET Bio}},
	note={\url{https://github.com/dotnetbio/bio}},
}

@book{Abbott_Fisher_2009,
title={The Art of Scalability}, url={http://books.google.com/books?id=uJkvQAAACAAJ&pgis=1},
journal={Director},
publisher={Addison--Wesley},
author={Abbott, Martin L and Fisher, Michael T},
year={2009}, pages={559}}

@book{intergovernmental2007fourth,
  title={Fourth Assessment Report: Climate Change 2007: Synthesis Report: Summary for Policymakers},
  author={Intergovernmental Panel on Climate Change},
  year={2007},
  publisher={Intergovernmental Panel on Climate Change}
}

@article{ESG,
author={D. Bernholdt and S. Bharathi and D. Brown et al.},
title={The earth system grid: Supporting the next generation of climate modeling research},
journal={Proc. of the IEEE},
year={2005},
volume={93},
number={3},
pages={485--495}
}

@article{cmip,
author={Taylor, K. E. and R. J. Stouffer and G. A. Meehl},
title={An overview of {CMIP5} and the experiment design},
year={2012},
journal={Bull. Am. Meteorol. Soc.},
volume={93},
pages={485--498}
}

@article{esgf,
author={Dean N. Williams and Karl E. Taylor and Luca Cinquini and Ben Evans and
Michio Kawamiya and Michael Lautenschlager and Bryan N. Lawrence and Don E. Middleton and {the ESGF contributors}},
year={2011},
title={The Earth System Grid Federation: Software Framework Supporting {CMIP5} Data Analysis and Dissemination},
journal={CLIVAR Exchanges},
volume={56},
pages={40--42}
}

@misc{CDAT,
author={Program for Climate Model Diagnosis and Intercomparison},
title={Climate Data Analysis Tools},
note={\url{http://www2-pcmdi.llnl.gov/cdat}}
}

@misc{globusOnline,
author={{Globus Project}},
title={Globus Online},
note={\url{http://www.globusonline.org/}}
}


@book{tony-propaganda,
title = {The Fourth Paradigm: Data-Intensive Scientific Discovery},
editor = {Tony Hey and Stewart Tansley and Kristin Tolle},
year={2009},
publisher={Microsoft Research},
url={\url{http://research.microsoft.com/en-us/collaboration/fourthparadigm/default.aspx}}
}

@misc{nsf-workshop,  note = {NSF DDDAS Workshop (2006) \\
                  \url{www.nsf.gov/cise/cns/dddas/2006_Workshop/wkshp_report.pdf}}
}

@misc{notab, note = {Self-Adaptive Architectures for Autonomic
                  Computational Science, to appear in post-proceedings
                  publications of Workshop on Self-Organizing
                  Architectures (SOAR) 2009, volume of LNCS Series
                  (2010) \\
                  \url{http://distrinet.cs.kuleuven.be/events/soar/2009/contents/papers/rana-soar09.pdf}
                  \\
                  \url{http://www.cct.lsu.edu/~sjha/dpa_publications/dpa-soar09.pdf}}
}

@misc{escience09, note = {Fresh Perspective on Developing and
                  Executing DAG-Based Distributed Applications: A
                  Case-Study of SAGA-based Montage, accepted for IEEE
                  Conference on eScience 2009, Oxford \\
                  \url{http://www.cct.lsu.edu/~sjha/dpa_publications/saga_montage_G09.pdf}}}


@misc{hybridmode, note ={Autonomic Approach to Integrated {HPC} Grid and
                  Cloud Usage, accepted for IEEE Conference on
                  eScience 2009, Oxford \\
                  \url{http://www.cct.lsu.edu/~sjha/dpa_publications/cloud-grid-autonomics.pdf}}
                  }

\bibitem{} Critical Perspectives on Large-Scale Distributed
  Applications and Production Grids (Best Paper Award), Proceedings of
  the 10th IEEE/ACM International Conference on Grid Computing
  (GRID09), 2009 \\ \url{http://www.cct.lsu.edu/~sjha/dpa_publications/dpa_grid2009.pdf}
}

@misc{hybridmode2, note = {Investigating Autonomic Behaviours in Grid-Based
  Computational Science Applications, In Proceedings of the IEEE 6th
  ICAC, Workshop on Grids Meets Autonomic Computing (Barcelona, Spain,
  June 15 - 15, 2009) \\ \url{http://www.cct.lsu.edu/~sjha/dpa_publications/dpa-autonomics-gmac.pdf}}
}

@misc{enkf1, note = {Developing Autonomic Distributed Scientific Applications: A
  Case Study From History Matching Using Ensemble Kalman-Filters, In
  Proceedings of the IEEE 6th ICAC, Workshop on Grids Meets Autonomic
  Computing (Barcelona, Spain, June 15 - 15, 2009) \\ \url{http://www.cct.lsu.edu/~sjha/dpa_publications/lazarus_gmac09.pdf}}
}

@misc{clouddpa, note = {Programming Abstractions for Data Intensive
                  Computing on Clouds and Grids, pp. 478-483, 2009 9th
                  IEEE/ACM International Symposium on Cluster
                  Computing and the Grid, 2009 \\
                  \url{http://www.cct.lsu.edu/~sjha/dpa_publications/saga_data_intensive.pdf}}
}

@misc{iccs09, note = {Developing Scientific Applications With Loosely-Coupled
  Sub-Tasks, International Conference on Computational Science (ICCS)
  2009, Vol. 5544Springer (2009), p. 641-650 \\ \url{http://www.cct.lsu.edu/~sjha/dpa_publications/saga_loosely_coupled.pdf}}
}

@misc{nsfwshop, note =
                  {http://www.nsf.gov/pubs/2010/nsf10050/nsf10050.jsp?org=NSF
                  \url{http://www.nsf.gov/pubs/2010/nsf10050/nsf10050.jsp?org=NSF}}
}

@misc{saga-cloud-book-chapter, note ={S Jha, D S Katz, A Luckow, A Merzky,
  K Stamou, Understanding Scientific Applications for Cloud
  Environments, submitted to book on Cloud Computing, Edited by Raj
  Kumar Buyya, to be published by Wiley
  \url{http://cct.lsu.edu/~sjha/select_publications/cloud_book_chapter.pdf}}
}

@article{pilot_clouds,
title={Pilot-Abstractions for Data-Intensive Cloud Applications},
author={Andre Luckow and Pradeep Mantha and Melissa Romanus and Shantenu Jha},
year={2013},
journal={Computing and Concurrency: Practice and Experience},
note={In press},
}

@misc{38,
note={T. Condie, N. Conway, P. Alvaro, J. M. Hellerstein,
  K. Elmeleegy, and R. Sears, MapReduce online, EECS Department,
  University of California, Berkeley, Tech. Rep. UCB/EECS-2009-136,
  Oct 2009. [Online]. Available:
  \url{http://www.eecs.berkeley.edu/Pubs/TechRpts/2009/EECS-2009-136.html}}}

@misc{39,
note={ X. Fei, S. Lu, and C. Lin, A MapReduce-enabled scientific
  workflow composition framework, IEEE International Conference on Web
  Services, vol. 0, pp. 663--670, 2009.}
}

@misc{ptf,
note={Intermediate Palomar Transient Facility,
\url{http://www.ptf.caltech.edu/iptf}}
}

@ARTICLE{ptf2,
   author = {{Law}, N.~M. and {Kulkarni}, S.~R. and {Dekany}, R.~G. and {Ofek}, E.~O. and
	{Quimby}, R.~M. and {Nugent}, P.~E. and {Surace}, J. and {Grillmair}, C.~C. and
	{Bloom}, J.~S. and {Kasliwal}, M.~M. and {Bildsten}, L. and
	{Brown}, T. and {Cenko}, S.~B. and {Ciardi}, D. and {Croner}, E. and
	{Djorgovski}, S.~G. and {van Eyken}, J. and {Filippenko}, A.~V. and
	{Fox}, D.~B. and {Gal-Yam}, A. and {Hale}, D. and {Hamam}, N. and
	{Helou}, G. and {Henning}, J. and {Howell}, D.~A. and {Jacobsen}, J. and
	{Laher}, R. and {Mattingly}, S. and {McKenna}, D. and {Pickles}, A. and
	{Poznanski}, D. and {Rahmer}, G. and {Rau}, A. and {Rosing}, W. and
	{Shara}, M. and {Smith}, R. and {Starr}, D. and {Sullivan}, M. and
	{Velur}, V. and {Walters}, R. and {Zolkower}, J.},
    title = "{The Palomar Transient Factory: System Overview, Performance, and First Results}",
  journal = {PASP},
archivePrefix = "arXiv",
   eprint = {0906.5350},
 primaryClass = "astro-ph.IM",
 keywords = {Astronomical Techniques},
     year = 2009,
    month = dec,
   volume = 121,
    pages = {1395--1408},
      doi = {10.1086/648598},
}

@ARTICLE{ptf3,
   author = {{Rau}, A. and {Kulkarni}, S.~R. and {Law}, N.~M. and {Bloom}, J.~S. and
	{Ciardi}, D. and {Djorgovski}, G.~S. and {Fox}, D.~B. and {Gal-Yam}, A. and
	{Grillmair}, C.~C. and {Kasliwal}, M.~M. and {Nugent}, P.~E. and
	{Ofek}, E.~O. and {Quimby}, R.~M. and {Reach}, W.~T. and {Shara}, M. and
	{Bildsten}, L. and {Cenko}, S.~B. and {Drake}, A.~J. and {Filippenko}, A.~V. and
	{Helfand}, D.~J. and {Helou}, G. and {Howell}, D.~A. and {Poznanski}, D. and
	{Sullivan}, M.},
    title = "{Exploring the Optical Transient Sky with the Palomar Transient Factory}",
  journal = {PASP},
archivePrefix = "arXiv",
   eprint = {0906.5355},
 primaryClass = "astro-ph.CO",
 keywords = {Supernovae},
     year = 2009,
    month = dec,
   volume = 121,
    pages = {1334-1351},
      doi = {10.1086/605911},
}

@ARTICLE{lsst,
   author = {{Ivezic}, Z. and {Tyson}, J.~A. and {Acosta}, E. and {Allsman}, R. and
	{Anderson}, S.~F. and {Andrew}, J. and {Angel}, R. and {Axelrod}, T. and
	{Barr}, J.~D. and {Becker}, A.~C. and {Becla}, J. and {Beldica}, C. and
	{Blandford}, R.~D. and {Bloom}, J.~S. and {Borne}, K. and {Brandt}, W.~N. and
	{Brown}, M.~E. and {Bullock}, J.~S. and {Burke}, D.~L. and {Chandrasekharan}, S. and
	{Chesley}, S. and {Claver}, C.~F. and {Connolly}, A. and {Cook}, K.~H. and
	{Cooray}, A. and {Covey}, K.~R. and {Cribbs}, C. and {Cutri}, R. and
	{Daues}, G. and {Delgado}, F. and {Ferguson}, H. and {Gawiser}, E. and
	{Geary}, J.~C. and {Gee}, P. and {Geha}, M. and {Gibson}, R.~R. and
	{Gilmore}, D.~K. and {Gressler}, W.~J. and {Hogan}, C. and {Huffer}, M.~E. and
	{Jacoby}, S.~H. and {Jain}, B. and {Jernigan}, J.~G. and {Jones}, R.~L. and
	{Juric}, M. and {Kahn}, S.~M. and {Kalirai}, J.~S. and {Kantor}, J.~P. and
	{Kessler}, R. and {Kirkby}, D. and {Knox}, L. and {Krabbendam}, V.~L. and
	{Krughoff}, S. and {Kulkarni}, S. and {Lambert}, R. and {Levine}, D. and
	{Liang}, M. and {Lim}, K. and {Lupton}, R.~H. and {Marshall}, P. and
	{Marshall}, S. and {May}, M. and {Miller}, M. and {Mills}, D.~J. and
	{Monet}, D.~G. and {Neill}, D.~R. and {Nordby}, M. and {O'Connor}, P. and
	{Oliver}, J. and {Olivier}, S.~S. and {Olsen}, K. and {Owen}, R.~E. and
	{Peterson}, J.~R. and {Petry}, C.~E. and {Pierfederici}, F. and
	{Pietrowicz}, S. and {Pike}, R. and {Pinto}, P.~A. and {Plante}, R. and
	{Radeka}, V. and {Rasmussen}, A. and {Ridgway}, S.~T. and {Rosing}, W. and
	{Saha}, A. and {Schalk}, T.~L. and {Schindler}, R.~H. and {Schneider}, D.~P. and
	{Schumacher}, G. and {Sebag}, J. and {Seppala}, L.~G. and {Shipsey}, I. and
	{Silvestri}, N. and {Smith}, J.~A. and {Smith}, R.~C. and {Strauss}, M.~A. and
	{Stubbs}, C.~W. and {Sweeney}, D. and {Szalay}, A. and {Thaler}, J.~J. and
	{Vanden Berk}, D. and {Walkowicz}, L. and {Warner}, M. and {Willman}, B. and
	{Wittman}, D. and {Wolff}, S.~C. and {Wood-Vasey}, W.~M. and
	{Yoachim}, P. and {Zhan}, H. and {for the LSST Collaboration}
	},
    title = "{LSST: from Science Drivers to Reference Design and Anticipated Data Products}",
  journal = {ArXiv e-prints},
archivePrefix = "arXiv",
   eprint = {0805.2366},
 keywords = {Astrophysics},
     year = 2008,
    month = may,
}

@article {dpa_surveypaper,
author = {Jha, Shantenu and Cole, Murray and Katz, Daniel S. and Parashar, Manish and Rana, Omer and Weissman, Jon},
title = {Distributed computing practice for large-scale science and engineering applications},
journal = {Concurrency and Computation: Practice and Experience},
note = "\url{http://dx.doi.org/10.1002/cpe.2897}",
volume = {25},
number = {11},
issn = {1532-0634},
XXurl = {http://dx.doi.org/10.1002/cpe.2897},
XXdoi = {10.1002/cpe.2897},
pages = {1559--1585},
year = {2013},
}

@inproceedings{ps1,
  author    = {Yogesh Simmhan and
               Roger S. Barga and
               Catharine van Ingen and
               Mar\'{\i}a A. Nieto-Santisteban and
               Laszlo Dobos and
               Nolan Li and
               Michael Shipway and
               Alexander S. Szalay and
               Sue Werner and
               Jim Heasley},
  title     = {GrayWulf: Scalable Software Architecture for Data Intensive
               Computing},
  booktitle = {HICSS},
  year      = {2009},
  pages     = {1--10},
  ee        = {http://dx.doi.org/10.1109/HICSS.2009.235},
  bibsource = {DBLP, http://dblp.uni-trier.de}
}

@Article{ps2,
  author = 	 {David Jewitt},
  title = 	 {Project {Pan-STARRS} and the Outer Solar System},
  journal = 	 {Earth, Moon and Planets},
  year = 	 {2003},
  OPTkey = 	 {},
  volume = 	 {92},
  OPTnumber = 	 {},
  pages = 	 {465--476},
  OPTmonth = 	 {},
  OPTnote = 	 {},
  OPTannote = 	 {}
}

@inproceedings{flumeJava,
 author = {Chambers, Craig and Raniwala, Ashish and Perry, Frances and Adams, Stephen and Henry, Robert R. and Bradshaw, Robert and Weizenbaum, Nathan},
 title = {{FlumeJava}: easy, efficient data-parallel pipelines},
 booktitle = {Proceedings of the 2010 ACM SIGPLAN conference on Programming Language Design and Implementation},
 series = {PLDI '10},
 year = {2010},
 isbn = {978-1-4503-0019-3},
 pages = {363--375},
 numpages = {13},
 url = {http://doi.acm.org/10.1145/1806596.1806638},
 doi = {http://doi.acm.org/10.1145/1806596.1806638},
 acmid = {1806638},
 publisher = {ACM},
 address = {New York, NY, USA},
 keywords = {data-parallel programming, java, mapreduce},
}

@article{ngs-gap,
        Annote = {10.1038/nmeth.f.268},
        Author = {McPherson, John D.},
        Date = {2009/11//print},
        Date-Added = {2011-06-30 11:01:52 +0100},
        Date-Modified = {2011-06-30 11:01:52 +0100},
        Isbn = {1548-7091},
        Journal = {Nat Meth},
        M3 = {10.1038/nmeth.f.268},
        Month = {11},
        Number = {11s},
        Pages = {S2--S5},
        Publisher = {Nature Publishing Group},
        Title = {Next-generation gap},
        Ty = {JOUR},
        Url = {http://dx.doi.org/10.1038/nmeth.f.268},
        Volume = {6},
        Year = {2009},
        Bdsk-Url-1 = {http://dx.doi.org/10.1038/nmeth.f.268}}

@misc{OPUS,
title={{OPUS}},
note={\url{http://www.stsci.edu/resources/software_hardware/opus/}}
}

@misc{IRAF,
title={{IRAF}},
note={\url{http://iraf.noao.edu/iraf/web/}}
}

@misc{NHPPS,
title={{NHPPS}},
note={\url{http://iraf.noao.edu/iraf/ftp/misc/nhpps10/NHPPS.pdf}}
}

@inproceedings{Simmhan:Building:2009,
  author = {Yogesh Simmhan and Catharine van Ingen and Alex Szalay and Roger Barga and Jim Heasley},
  title = {Building Reliable Data Pipelines for Managing Community Data Using Scientific Workflows},
  booktitle = {International Conference on eScience (eScience)},
  publisher = {IEEE},
  year = {2009},
  pages = {321-328},
  url = {http://dx.doi.org/10.1109/e-Science.2009.52},
  doi = {http://dx.doi.org/10.1109/e-Science.2009.52}
}

@article{Li2008,
author = {Nolan Li and Ani R. Thakar},
title = {CasJobs and MyDB: A Batch Query Workbench},
journal ={Computing in Science and Engineering},
volume = {10},
issn = {1521-9615},
year = {2008},
pages = {18-29},
doi = {http://doi.ieeecomputersociety.org/10.1109/MCSE.2008.6},
publisher = {IEEE Computer Society},
address = {Los Alamitos, CA, USA},
}

@misc {illumina,
author={Illumina},
title={Genome Analyzer Data Analysis Software},
note={\url{http://www.illumina.com/documents/products/datasheets/datasheet_genome_analyzer_software.pdf}}
}

@misc{bro,
title={Bro},
note={ \url{http://bro-ids.org/}}
}

@misc{snort,
title={{SNORT}},
note={\url{http://www.snort.org/}}
}

@book{thebookthatchangedtheworld,
author={Shantenu Jha and Daniel S. Katz and Manish Parashar and Omer Rana and Jon Weissman},
title={Abstractions for Distributed Applications and Systems: A Computational Science Perspective},
publisher={Wiley},
year={2012}
}

@book{iantaylorsbook,
title={Workflows for e-Science},
editor={Ian Taylor and Ewa Deelman and Dennis Gannon and Matthew Shields},
publisher={Springer},
year={2007}
}


@INPROCEEDINGS{DataIntensiveMapReduce, 
author={Ekanayake, J. and Pallickara, S. and Fox, G.}, 
booktitle={IEEE Fourth International Conference on eScience}, 
title={{MapReduce} for Data Intensive Scientific Analyses}, 
year={2008}, 
pages={277-284}, 
keywords={data analysis;parallel algorithms;parallel programming;pattern clustering;physics computing;CGL-mapreduce technique;K-means clustering;data intensive scientific analyses;high energy physics data analyses;parallel algorithm;parallel programming;Astronomy;Biology computing;Clustering algorithms;Data analysis;Hardware;High energy physics instrumentation computing;Large Hadron Collider;Quality of service;Robustness;Scalability;MapReduce;Message passing;Parallel processing;Scientific Data Analysis}, 
doi={10.1109/eScience.2008.59},}


@INPROCEEDINGS{ZinnCluster,
author={Zinn, D. and Hart, Q. and McPhillips, T. and Lud\"andscher, B. and Simmhan, Y. and Giakkoupis, M. and Prasanna, V.K.},
booktitle={11th IEEE/ACM International Symposium on Cluster, Cloud and Grid Computing (CCGrid 2011) },
title={Towards Reliable, Performant Workflows for Streaming-Applications on Cloud Platforms},
year=2011,
}

@misc{mashmydata,
title={{MashMyData}},
key={MashMyData},
note={\url{http://www.mashmydata.org}}
}

@article{OPM,
author = "Luc Moreau and Ben Clifford and Juliana Freire and Joe Futrelle and Yolanda Gil and Paul Groth and Natalia Kwasnikowska and Simon Miles and Paolo Missier and Jim Myers and Beth Plale and Yogesh Simmhan and Eric Stephan and Jan Van den Bussche",
title = "The {O}pen {P}rovenance {M}odel core specification (v1.1)",
journal = "Future Generation Computer Systems",
month = " July",
year = 2010,
}

@misc{Taverna,
title = "Taverna: open-source and domain-independent workflow
                  management system",
note = {\url{http://www.taverna.org.uk/}},
}

@misc{Kepler,
title = "The {K}epler project",
note = {\url{http://www.kepler-project.org/}},
}

@misc{Trident,
title = "Project {T}rident: a scientific workflow workbench",
note = {\url{http://research.microsoft.com/en-us/collaboration/tools/trident.aspx}},
}

@inproceedings{MapReduce,
author = "Jeffrey Dean and Sanjay Ghemawat",
title = "{MapReduce}: simplified data processing on large clusters",
booktitle = "Proceedings of the 6th USENIX Symposium on Operating System Design and Implementation",
year = 2004,
}

@inproceedings{FlaskHaskell,
  author = {Geoffrey Mainland and Greg Morrisett and Matt Welsh},
  title = {Flask: staged functional programming for sensor networks},
  booktitle = {Proceedings of the International Conference on Functional Programming},
  year = {2008},
  publisher = {ACM Press},
  city = {Vancouver, CA},
  keywords = {Haskell},
}

@book{MPI,
author = "William Gropp and Ewing Lusk and Anthony Skjellum",
title = "Using {MPI}: portable parallel programming with the message-passing interface",
publisher = "MIT Press",
year = 1994,
}


@article{KephartAutonomics,
author = "Jeffrey Kephart and David Chess",
title = "The vision of autonomic computing",
journal = "IEEE Computer",
volume = 36,
number = 1,
month = "January",
year = 2003,
pages = "41--52",
}

@article{AC-Survey,
author = {Simon Dobson and Spyros Denazis and Antonio Fern\'andez and Dominique Ga\"iti and Erol Gelenbe and Fabio Massacci and Paddy Nixon and Fabrice Saffre and Nikita Schmidt and Franco Zambonelli},
title = {A survey of autonomic communications},
journal = {ACM Transactions on Autonomous and Adaptive Systems},
volume = 1,
number = 2,
month = {December},
pages = {223--259},
year = 2006,
object = {ac-survey-06.pdf},
contribution = {50},
citations = "53",
keywords = {autonomic systems, survey, Lero, SPC},
}

@misc{doe-reports, note = {\url{http://science.energy.gov/ascr/news-and-resources/program-documents/}}}

@misc{iespr, note = {\url{http: //www.exascale.org/}}}

@misc{ascr-wp, note = {S Jha {\it et al}, White Paper Submitted to DOE ASCR (Rich Carlson), August 2011 \\ \url{http: //www.cct.lsu.edu/~sjha/select_publications/D3-exa_jha_katz_weissman.pdf}}}

@misc{3dpas-wp, note = {S Jha {\it et al}, Distributed Dynamic Data-intensive Programming Abstractions and Systems \\ \url{http: //www.cct.lsu.edu/~sjha/select_publications/3dpas.pdf}}}

@misc{dmav-exa, note = {Report from the DOE ASCR 2011 Workshop on Exascale Data Management, Analysis and Visualization \\ \url{http://www.olcf.ornl.gov/wp-content/uploads/2011/01/Exascale-ASCR-Analysis.pdf}}}

@misc{D3-escience,
title = {Workshop on {D}$^3$ Science},
note={\url{http://www.ci.uchicago.edu/D3Science/}}
}

@misc{3dapas,
title={Workshop on Dynamic Distributed Data-Intensive Applications, Programming Abstractions, and Systems ({3DAPAS})},
note={\url{https://sites.google.com/site/3dapas/}}
}

@misc{3dpas-theme,
title={Dynamic Distributed Data-intensive Programming Abstractions and Systems Research Theme},
note={\url{http://wiki.esi.ac.uk/3DPAS}}
}

@misc{ashley_ccgrid12, note = {"Enabling real-time intelligent, task management for complex heterogenous simulations", Ashley Zebrowski, Shantenu Jha and Gabrielle Allen, submitted to IEEE Conference on Cluster, Cloud and Grids (CCGrid) 2012, Ottawa}}

@inproceedings{nerc_data,
author={B. N. Lawrence and  R. Cramer and M. Gutierrez and K. Kleese van Dam and S. Kondapalli and S. Latham and R. Lowry and K. O'Neill and A. Woolf},
title={The {NERC DataGrid} Prototype},
year={2003},
booktitle={Proceedings of the U.K. e-Science All Hands Meeting},
editor={S. J. Cox}
}

@misc{opendap,
title={{OpenDAP}},
note={\url{http://www.opendap.org}}
}

@article{galaxy,
    abstract = {{An international, peer-reviewed genome sciences journal featuring outstanding original research that offers novel insights into the biology of all organisms}},
    address = {Center for Comparative Genomics and Bioinformatics, Huck Institutes for Life Sciences, Penn State University, University Park, Pennsylvania 16802, USA.},
    author = {Giardine, Belinda and Riemer, Cathy and Hardison, Ross C. and Burhans, Richard and Elnitski, Laura and Shah, Prachi and Zhang, Yi and Blankenberg, Daniel and Albert, Istvan and Taylor, James and Miller, Webb and Kent, W. James and Nekrutenko, Anton},
    day = {01},
    doi = {10.1101/gr.4086505},
    issn = {1549-5469},
    journal = {Genome Research},
    keywords = {project},
    month = oct,
    number = {10},
    pages = {1451--1455},
    pmcid = {PMC1240089},
    pmid = {16169926},
    posted-at = {2011-12-02 22:40:23},
    priority = {5},
    publisher = {Cold Spring Harbor Laboratory Press},
    title = {{Galaxy: A platform for interactive large-scale genome analysis}},
    url = {http://dx.doi.org/10.1101/gr.4086505},
    volume = {15},
    year = {2005}
}


@article{Taverna:2006,
 author = {Oinn, Tom and Greenwood, Mark and Addis, Matthew and Alpdemir, M. Nedim and Ferris, Justin and Glover, Kevin and Goble, Carole and Goderis, Antoon and Hull, Duncan and Marvin, Darren and Li, Peter and Lord, Phillip and Pocock, Matthew R. and Senger, Martin and Stevens, Robert and Wipat, Anil and Wroe, Chris},
 title = {Taverna: lessons in creating a workflow environment for the life sciences: Research Articles},
 journal = {Concurr. Comput.: Pract. Exper.},
 issue_date = {August 2006},
 volume = {18},
 number = {10},
 month = aug,
 year = {2006},
 issn = {1532-0626},
 pages = {1067--1100},
 numpages = {34},
 url = {http://dx.doi.org/10.1002/cpe.v18:10},
 doi = {10.1002/cpe.v18:10},
 acmid = {1148448},
 publisher = {John Wiley and Sons Ltd.},
 address = {Chichester, UK},
 keywords = {Semantic Grid environment, Web services, life sciences, scientific workflow},
}

@inproceedings{biokepler:2011,
 author = {Altintas, Ilkay},
 title = {Distributed workflow-driven analysis of large-scale biological data using biokepler},
 booktitle = {Proceedings of the 2nd international workshop on Petascal data analytics: challenges and opportunities},
 series = {PDAC '11},
 year = {2011},
 isbn = {978-1-4503-1130-4},
 location = {Seattle, Washington, USA},
 pages = {41--42},
 numpages = {2},
 url = {http://doi.acm.org/10.1145/2110205.2110215},
 doi = {10.1145/2110205.2110215},
 acmid = {2110215},
 publisher = {ACM},
 address = {New York, NY, USA},
 keywords = {bioinformatics, computational biology, distributed execution patterns, scientific workflow systems},
}

@misc{ilm,
author={Illumina},
title={Genome Analyzer System Software},
note={\url{http://www.illumina.com/software/genome_analyzer_software.ilmn} \katznote{URL not valid}}}
}

@article{atlas,
  author={{ATLAS Collaboration and G. Aad et al.}},
  title={The {ATLAS} Experiment at the {CERN} Large Hadron Collider},
  journal={Journal of Instrumentation},
  volume={3},
  number={08},
  pages={S08003},
  url={http://stacks.iop.org/1748-0221/3/S08003},
  year={2008},
  abstract={The ATLAS detector as installed in its experimental cavern at point 1 at CERN is described in this paper. A brief overview of the expected performance of the detector when the Large Hadron Collider begins operation is also presented.}
}

@article{lhc,
author={John Ellis},
title={Beyond the standard model with the {LHC}},
journal={Nature},
issue={448},
pages={297--301},
month={19 July},
year={2007}
}

@article{lhcb,
title = "The {LHC} computing grid project at {CERN}",
journal = "Nuclear Instruments and Methods in Physics Research Section A: Accelerators, Spectrometers, Detectors and Associated Equipment",
volume = "534",
number = "1-2",
pages = "1--6",
year = "2004",
note = "Proceedings of the IXth International Workshop on Advanced Computing and Analysis Techniques in Physics Research",
issn = "0168-9002",
doi = "DOI: 10.1016/j.nima.2004.07.049",
url = "http://www.sciencedirect.com/science/article/B6TJM-4D01K33-B/2/83c424822f331a47206c44afcaf90869",
author = "Massimo Lamanna",
keywords = "Grid",
keywords = "LHC",
keywords = "LCG"
}

@misc{ivoa,
title={International Virtual Observatory Alliance},
note={\url{http://www.ivoa.net/}}
}

@phdthesis{barker,
title={Flexible Service Composition},
author={Adam Barker},
school={University of Edinburgh},
year={2007},
\note={\url{http://groups.inf.ed.ac.uk/ssp/pubs/barker_phd.pdf}}
}

@ARTICLE{cmb,
   author = {{Penzias}, A. A. and {Wilson}, R. W.},
    title = "{A Measurement of Excess Antenna Temperature at 4080 Mc/s.}",
  journal = {Astrophysical Journal},
 keywords = {Microwave Background, Cosmic Background Radiation},
     year = 1965,
    month = jul,
   volume = 142,
    pages = {419--421},
      doi = {10.1086/148307},
}

@ARTICLE{cmb2,
   author = {{Cantalupo}, C.~M. and {Borrill}, J.~D. and {Jaffe}, A.~H. and
	{Kisner}, T.~S. and {Stompor}, R.},
    title = "{MADmap: Fast Parallel Maximum Likelihood CMB Map Making Code}",
  journal = {Astrophysics Source Code Library},
     year = 2011,
    month = oct,
    pages = {10018},
}

@misc{iter,
title={International Thermonuclear Experimental Reactor (ITER),
\url{http://www.iter.org}},
author={ITER}
}

@inproceedings{adios,
author = {Lofstead, J. and Klasky, S. and Schwan K. and Podhorszki, N. and Jin, C.},
 title = {Flexible {IO} and Integration for Scientific Codes Through The Adaptable {IO} System ({ADIOS})},
 booktitle = {CLADE 2008 at HPDC},
 year = {2008},
 month = {June},
 }

@article{modis,
author={Vincent V. Salomonson and W. L. Barnes and Peter W. Maymon and Harry E. Montgomery and Harvey Ostrow},
year={1989},
title={{MODIS}: Advanced Facility Instrument for Studies of the Earth as a System},
journal={IEEE Transactions on Geoscience and Remote Sensing},
volume={27},
number={2},
pages={145--153}
}

@INPROCEEDINGS{modis:ipdps:2010, 
author={Jie Li and Humphrey, M. and Agarwal, D. and Jackson, K. and van Ingen, C. and Youngryel Ryu}, 
booktitle={IEEE International Symposium on Parallel and Distributed Processing (IPDPS)}, 
title={{eScience} in the cloud: A {MODIS} satellite data reprojection and reduction pipeline in the {W}indows {A}zure platform}, 
year={2010}, 
month={April}, 
pages={1--10}, 
doi={10.1109/IPDPS.2010.5470418}, 
ISSN={1530-2075},}


@misc{win_azure,
    Note = {\url{https://azure.microsoft.com/}},
    Title = {{Windows Azure}},
    author={{Microsoft}}
}

@misc{modisAzure,
    Author = {Microsoft},
    Howpublished = {\url{http://research.microsoft.com/en-us/projects/azure/azuremodis.aspx}},
    Title = {{MODISAzure}},
    Year = {2010}
}


@Book{deRoos2011UnderstandingBigData,
  author = 	 {Dirk deRoos and Chris Eaton and George Lapis and Paul Zikopoulos and Tom Deutsch},
  title = 	 {Understanding Big Data: Analytics for Enterprise Class Hadoop and Streaming Data},
  publisher = 	 {McGraw-Hill},
  year = 	 {2011},
  }


@article{SMSSeal,
author = {Cronin, M. and McConnell, B. J.},
title = "{SMS} seal: A new technique to measure haul-out behaviour in marine vertebrates",
journal  = "Journal of Experimental Biology",
volume = 362,
number = 1,
pages = "43--48",
year = 2008,
}

@inproceedings{SealContact,
author = "Lindgren, A. and Mascalo, C. and Lonergan, M. E.  and McConnell, B. J. ",
title = "{S}eal-2-{S}eal: A Delay-Tolerant Protocol for Contact Logging in Wildlife Monitoring Sensor Networks",
booktitle = "Proceedings of the Fifth IEEE International Conference on Mobile Ad-hoc and Sensor Systems",
year = 2008,
}

@inproceedings{blower1,
       booktitle = {UK e-Science All Hands Meeting 2007},
           month = {September},
           title = {Sharing and visualizing environmental data using Virtual Globes},
          author = {J. D. Blower and A. Gemmell and K. Haines and P. Kirsch and N. Cunningham and A. Fleming and R. Lowry},
            year = {2007},
           pages = {102--109},
}

@inproceedings{blower2,
           month = {September},
           booktitle={UK e-Science All Hands Meeting 2010},
           title = {BlogMyData: a Virtual Research Environment for collaborative visualization of environmental data},
          author = {J. D. Blower and A. Santokhee and A. J. Milsted and J. G. Frey},
            year = {2010},
}

@inproceedings{jon,
  author={Jon B. Weissman and Vipin Kumar and Varun Chandola and Eric Eilertson and Levent Ertoz and Gyorgy Simon and Seonho Kim and Jinoh Kim},
  title={{DDDAS/ITR}: A Data Mining and Exploration Middleware for Grid and Distributed Computing},
  pages={1222--1229},
  editors={ Y. Shi and Geert Dick {van Albada} and Jack J. Dongarra and Peter M. A. Sloot },
  booktitle={Workshop on Dynamic Data Driven Application Systems, Proceedings of 7th International Conference Computational Science - ICCS 2007},
  year={2007},
}

@INPROCEEDINGS {emergency2,
  title = {Robust scenario-based multi-criteria decision support in strategic emergency management},
  author = {Comes, Tina and Conrado, Claudine and Dalmas, Tiphaine and Wijngaards, Niek},
  booktitle = {Proceedings of the 8th international conference on information systems for crisis response and management (ISCRAM2011)},
  year = {2011},
  month = {May},
}

@INPROCEEDINGS {emergency1,
  title = {A Spatial Scenario-Based Multi-Criteria Decision Support System for Strategic Emergency Management},
  author = {Comes, Tina and Hiete, Michael and Schultmann, Frank},
  booktitle = {Proecedings of the 73rd meeting of the european working group multiple criteria decision aiding},
  year = {2011},
  month = {April},
}

@article{emergency3,
author={Penders, Ate and Pavlin, Gregor and Kamermans, Michiel},
title={A Collaborative Approach to Construction of Large Scale Distributed Reasoning Systems},
journal={International Journal on Artificial Intelligence Tools (IJAIT)},
volume={20},
pages={1083--1106},
year={2011}
}

@inproceedings{emergency4,
author={Pavlin, Gregor and Wijngaards, Niek and Nieuwenhuis, Kees},
title={Towards a Single Information Space for Environmental Management through Self-Configuration of Distributed Information Processing Systems},
booktitle={Proceedings of the TOWARDS eENVIRONMENT Opportunities of SEIS and SISE: Integrating Environmental Knowledge in Europe},
pages={94--103},
year={2009}
}

@inproceedings{twister,
 author = {Ekanayake, Jaliya and Li, Hui and Zhang, Bingjing and Gunarathne, Thilina and Bae, Seung-Hee and Qiu, Judy and Fox, Geoffrey},
 title = {Twister: a runtime for iterative {MapReduce}},
 booktitle = {Proceedings of the 19th ACM International Symposium on High Performance Distributed Computing},
 year = {2010},
 doi = {10.1145/1851476.1851593},
 publisher = {ACM},
}



@Article{hmr,
  author = 	 {Yuan Luo and Beth Plale and Zhenhua Guo and Wilfred W. Li and Judy Qiu and Yiming Sun},
  title = 	 {Hierarchical {MapReduce}: Towards Simplified Cross-Domain Data Processing},
  journal = 	 {Concurrency and Computation: Practice and Experience},
  year = 	 {2012},
  OPTkey = 	 {},
  OPTvolume = 	 {},
  OPTnumber = 	 {},
  OPTpages = 	 {},
  OPTmonth = 	 {},
  OPTnote = 	 {},
  OPTannote = 	 {}
}

@Misc{hadoop,
  title = 	 {Apache Hadoop},
  howpublished = {http://hadoop.apache.org/},
}

@Misc{amazonemr,
  title = 	 {Amazon {E}lastic {M}ap{R}educe},
  howpublished = {\url{http://aws.amazon.com/elasticmapreduce/}},
}

@Misc{twisterblast,
  title = 	 {Twister-{BLAST} on {FutureGrid}},
  howpublished = {https://portal.futuregrid.org/kb/document/bcgk},
}


@INPROCEEDINGS{twister4azure,
author={T. Gunarathne and Bingjing Zhang and Tak-Lon Wu and J. Qiu},
booktitle={Utility and Cloud Computing (UCC), 2011 Fourth IEEE International Conference on},
title={Portable Parallel Programming on Cloud and {HPC}: Scientific Applications of {Twister4Azure}},
year={2011},
month={dec.},
volume={},
number={},
pages={97 -104},
keywords={BLAST+ sequence searching;HPC;K-means clustering;MapReduce programming model;Twister4Azure application;Windows Azure Cloud;cloud computing;cloud infrastructure services;data intensive computing;data-intensive iterative computation;distributed decentralized iterative MapReduce runtime;fault tolerance;large-scale distributed computation;large-scale iterative data analysis;multidimensional scaling;portable parallel programming;science discovery;utility computing model;cloud computing;data analysis;iterative methods;parallel programming;pattern clustering;scientific information systems;software fault tolerance;},
doi={10.1109/UCC.2011.23},
ISSN={},}

@inproceedings{cglmapreduce,
 author = {Jaliya Ekanayake and Shrideep Pallickara and Geoffrey Fox},
 title = {{MapReduce} for Data Intensive Scientific Analyses},
 booktitle = {Proceedings of the 2008 Fourth IEEE International Conference on eScience},
 series = {eScience '08},
 year = {2008},
 isbn = {978-0-7695-3535-7},
 pages = {277--284},
 numpages = {8},
 url = {http://dx.doi.org/10.1109/eScience.2008.59},
 doi = {10.1109/eScience.2008.59},
 acmid = {1488926},
 publisher = {IEEE Computer Society},
 address = {Washington, DC, USA},
 keywords = {MapReduce, Message passing, Parallel processing, Scientific Data Analysis},
}

@article{gomes08,
  author    = {Maria Cecilia Gomes and
               Omer F. Rana and
               Jos{\'e} C. Cunha},
  title     = {Extending Grid-Based Workflow Tools With Patterns/Operators},
  journal   = {Int. Journal of High Performance Computing Applications},
  volume    = {22},
  number    = {3},
  year      = {2008},
  pages     = {301--318},
  ee        = {http://dx.doi.org/10.1177/1094342007086228},
  bibsource = {DBLP, http://dblp.uni-trier.de}
}

@InProceedings{daytona,
  author = 	 {Roger S. Barga and Jaliya Ekanayake and Wei Lu},
  title = 	 {Project {D}aytona: Data Analytics as a Cloud Service},
  booktitle = {International Conference of Data Engineering (ICDE)},
  year = 	 {2012},
}

@article{valiant1990bsp,
 author = {Leslie G. Valiant},
 title = {A bridging model for parallel computation},
 journal = {Commun. ACM},
 issue_date = {Aug. 1990},
 volume = {33},
 number = {8},
 month = aug,
 year = {1990},
 doi = {10.1145/79173.79181},
 publisher = {ACM},
}

@inproceedings{pregel,
 author = {Malewicz, Grzegorz and Austern, Matthew H. and Bik, Aart J.C and Dehnert, James C. and Horn, Ilan and Leiser, Naty and Czajkowski, Grzegorz},
 title = {Pregel: a system for large-scale graph processing},
 booktitle = {International Conference on Management of data},
 series = {SIGMOD '10},
 year = {2010},
 doi = {10.1145/1807167.1807184},
 publisher = {ACM},
}

@Misc{hama,
  title = 	 {Apache {H}ama},
  howpublished = {\url{http://incubator.apache.org/hama/}},
}

@TechReport{ferc2011DR,
  author={David Kathan and others},
  title = 	 {Assessment of Demand Response and Advanced Metering},
  institution =  {Federal Energy Regulatory Commission},
  year = 	 {2012},
}

@TechReport{simmhan2011TR,
  author = 	 {Yogesh Simmhan and  Saima Aman and  Baohua Cao and  Mike Giakkoupis and  Alok Kumbhare and  Qunzhi Zhou and  Donald Paul and  Carol Fern and  Aditya Sharma and Viktor K. Prasanna},
  title = 	 { An Informatics Approach to Demand Response Optimization in Smart Grids},
  institution =  {University of Southern California},
  year = 	 {2011},
  OPTkey = 	 {},
  OPTtype = 	 {},
  OPTnumber = 	 {},
  OPTaddress = 	 {},
  OPTmonth = 	 {},
  OPTnote = 	 {},
  OPTannote = 	 {}
}

@inproceedings{Aman:dddm:2011,
  author = {Saima Aman and Yogesh Simmhan and Viktor K. Prasanna},
  title = {Improving Energy Use Forecast for Campus Micro-grids using Indirect Indicators},
  booktitle = {International Workshop on Domain Driven Data Mining (DDDM)},
  year = {2011},
  url = {http://ceng.usc.edu/~simmhan/pubs/aman-dddm-2011.pdf}
}

@TechReport{zhou:2012:scepter,
  author = 	 {Qunzhi Zhou and Yogesh Simmhan and Viktor Prasanna},
  title = 	 {SCEPter: Semantic Complex Event Processing over End-to-End Data Flows},
  institution =  {University of Southern California},
  year = 	 {2012},
  OPTkey = 	 {},
  OPTtype = 	 {},
  OPTnumber = 	 {},
  OPTaddress = 	 {},
  OPTmonth = 	 {},
  OPTnote = 	 {},
  OPTannote = 	 {}
}

@inproceedings{Simmhan:sciencecloud:2011,
  author = {Yogesh Simmhan and Baohua Cao and Michail Giakkoupis and Viktor K. Prasanna},
  title = {Adaptive rate stream processing for smart grid applications on clouds},
  booktitle = {International Workshop on Scientific Cloud Computing (ScienceCloud)},
  publisher = {ACM},
  year = {2011},
  pages = {33---38},
  url = {http://ceng.usc.edu/~simmhan/pubs/simmhan-sciencecloud-2011.pdf},
  doi = {http://dx.doi.org/10.1145/1996109.1996116}
}

@INPROCEEDINGS{Zhou:itng:2012, 
author={Qunzhi Zhou and Natarajan, S. and Simmhan, Y. and Prasanna, V.}, 
booktitle={Ninth International Conference on Information Technology: New Generations (ITNG)}, 
title={Semantic Information Modeling for Emerging Applications in Smart Grid}, 
year={2012}, 
pages={775--782}, 
keywords={information management;knowledge representation;power engineering computing;power meters;power system management;power system security;semantic Web;smart power grids;HVAC systems;communication infrastructure;demand response application;digital technology;electricity demand;information integration;information technology;intelligent appliance;interval-based power consumption measurement;knowledge representation;load shedding scheduling;power grid operation management;power grid operation security;pricing policy;semantic Web technique;semantic information modeling;smart grid;smart meter;weather forecast service;Buildings;Meteorology;Ontologies;Power demand;Power system dynamics;Semantics;Smart grids;Semantic Web;Smart Grid;complex event processing;demand response;information integration}, 
doi={10.1109/ITNG.2012.150},}


@inproceedings{Simmhan:buildsys:2011,
  author = {Yogesh Simmhan and Viktor Prasanna and Saima Aman and Sreedhar Natarajan and Wei Yin and Qunzhi Zhou},
  title = {Towards Data-driven Demand-Response Optimization in a Campus Microgrid},
  booktitle = {Workshop On Embedded Sensing Systems For Energy-Efficiency In Buildings (BuildSys)},
  publisher = {ACM},
  year = {2011},
  note = {Demo},
  url = {http://ceng.usc.edu/~simmhan/pubs/simmhan-buildsys-2011.pdf}
}

@inproceedings{Yin:mapreduce:2012,
  author = {Wei Yin and Yogesh Simmhan and Viktor Prasanna},
  title = {Scalable Regression Tree Learning on Hadoop using {OpenPlanet}},
  booktitle = {International Workshop on MapReduce and its Applications (MAPREDUCE)},
  year = {2012},
  url = {http://ceng.usc.edu/~simmhan/pubs/yin-mapreduce-2012.pdf}
}

@inproceedings{chandrasekaran:telegraphcq2003,
  author = {Sirish Chandrasekaran and Owen Cooper and Amol Deshpande and Michael J. Franklin and Joseph M. Hellerstein and Wei Hong and Sailesh Krishnamurthy and Samuel Madden and Vijayshankar Raman and Frederick Reiss and Mehul A. Shah},
  booktitle = {CIDR},
  title = {{TelegraphCQ}: Continuous Dataflow Processing for an Uncertain World.},
  url = {http://dblp.uni-trier.de/db/conf/cidr/cidr2003.html#ChandrasekaranDFHHKMRRS03},
  year = 2003,
  keywords = {processing telegraphcq stream distributed},
  ee = {http://www-db.cs.wisc.edu/cidr/cidr2003/program/p24.pdf},
}

@inproceedings{abadi:borealis2005,
  author = {Daniel J. Abadi and Yanif Ahmad and Magdalena Balazinska and Ugur Çetintemel and Mitch Cherniack and Jeong-Hyon Hwang and Wolfgang Lindner and Anurag Maskey and Alex Rasin and Esther Ryvkina and Nesime Tatbul and Ying Xing and Stanley B. Zdonik},
  booktitle = {CIDR},
  interhash = {84e07f37f1464e9aba2bee622c63a587},
  intrahash = {07a4b959e147f300aff5c918a44a8460},
  pages = {277--289},
  title = {The Design of the {Borealis} Stream Processing Engine.},
  url = {http://dblp.uni-trier.de/db/conf/cidr/cidr2005.html#AbadiABCCHLMRRTXZ05},
  year = 2005,
  keywords = {processing borealis stream distributed},
  ee = {http://www-db.cs.wisc.edu/cidr/papers/P23.pdf},
  added-at = {2006-09-20T12:09:06.000+0200},
  biburl = {http://www.bibsonomy.org/bibtex/207a4b959e147f300aff5c918a44a8460/wolfey}
}

@InProceedings{liew:streamgraph2010,
  author = 	 {Chee S. Liew and
                    Malcolm Atkinson and
                    Jano van Hemert and
                    Lianxiu Han},
  title = 	 {Towards Optimizing Distributed Data Streaming Graphs using Parallel Streams},
  OPTcrossref =  {},
  OPTkey = 	 {},
  booktitle = {International Workshop on Data Intensive Distributed Computing (DIDC)},
  OPTpages = 	 {},
  year = 	 {2010},
  OPTeditor = 	 {},
  OPTvolume = 	 {},
  OPTnumber = 	 {},
  OPTseries = 	 {},
  OPTaddress = 	 {},
  OPTmonth = 	 {},
  OPTorganization = {},
  OPTpublisher = {},
  OPTnote = 	 {},
  OPTannote = 	 {}
}

@Misc{ESPER,
  OPTkey =   {},
  author =   {EsperTech Inc.},
  title =   {Esper - Complex Event Processing},
  howpublished = {\url{http://www.espertech.com/esper/}},
  OPTmonth =   {},
  year =   {},
  OPTnote =   {},
  OPTannote =   {}
}

@inproceedings{siddhi,
 author = {Suhothayan, Sriskandarajah and Gajasinghe, Kasun and Loku Narangoda, Isuru and Chaturanga, Subash and Perera, Srinath and Nanayakkara, Vishaka},
 title = {Siddhi: a second look at complex event processing architectures},
 booktitle = {ACM workshop on Gateway computing environments (GCE)},
 year = {2011},
 doi = {10.1145/2110486.2110493},
}

@Misc{MicrosoftInsight,
  OPTkey =   {},
  author =   {Microsoft Corp.},
  title =   {Microsoft StreamInsight},
  howpublished = {msdn.microsoft.com/en-us/library/ee362541.aspx},
  OPTmonth =   {},
  year =   {2010},
  OPTnote =   {},
  OPTannote =   {}
}

@inproceedings{Teymourian:EDBT:2010,
 author = {Teymourian, Kia and Paschke, Adrian},
 title = {Enabling knowledge-based complex event processing},
 booktitle = {EDBT/ICDT Workshops},
 year = {2010},
 doi = {10.1145/1754239.1754281},
}


@inproceedings{Zhou:debs:2011,
  author = {Qunzhi Zhou and Yogesh Simmhan and Viktor K. Prasanna},
  title = {Towards an inexact semantic complex event processing framework},
  booktitle = {International Conference on Distributed Event-Based System (DEBS)},
  publisher = {ACM},
  year = {2011},
  pages = {401--402},
  note = {Poster},
  url = {http://ceng.usc.edu/~simmhan/pubs/zhou-debs-2011.pdf},
  doi = {http://dx.doi.org/10.1145/2002259.2002331}
}


@inproceedings{Herath:CCGrid:2010,
 author = {Herath, Chathura and Plale, Beth},
 title = {Streamflow Programming Model for Data Streaming in Scientific Workflows},
 booktitle = {IEEE/ACM International Conference on Cluster, Cloud and Grid Computing},
 year = {2010},
 doi = {10.1109/CCGRID.2010.116},
}

@Misc{goldenorb,
  OPTkey = 	 {},
  OPTauthor = 	 {},
  title = 	 {Golden Orb},
  howpublished = {{http://goldenorbos.org}},
  OPTmonth = 	 {},
  OPTyear = 	 {},
  OPTnote = 	 {},
  OPTannote = 	 {}
}

@inproceedings{iosup:ccgrid:2011,
  author    = {Alexandru Iosup and
               Nezih Yigitbasi and
               Dick H. J. Epema},
  title     = {On the Performance Variability of Production Cloud Services},
  booktitle = {CCGRID},
  year      = {2011},
  pages     = {104--113},
}

@article{cloudburst,
  author    = {Michael C. Schatz},
  title     = {{CloudBurst}: highly sensitive read mapping with {MapReduce}},
  journal   = {Bioinformatics},
  volume    = {25},
  number    = {11},
  year      = {2009},
  pages     = {1363--1369},
  ee        = {http://dx.doi.org/10.1093/bioinformatics/btp236},
  bibsource = {DBLP, http://dblp.uni-trier.de}
}

@Article{genometoolkit,
  author = 	 {Aaron McKenna and Matthew Hanna and Eric Banks and Andrey Sivachenko and Kristian Cibulskis and Andrew Kernytsky and Kiran Garimella and David Altshuler and Stacey Gabriel and Mark Daly and and Mark A. DePristo},
  title = 	 {The Genome Analysis Toolkit: A {MapReduce} framework for analyzing next-generation {DNA} sequencing data},
  journal = 	 {Genome Res. },
  year = 	 {2010},
  OPTkey = 	 {},
  OPTvolume = 	 {},
  OPTnumber = 	 {},
  OPTpages = 	 {},
  OPTmonth = 	 {},
  OPTnote = 	 {},
  OPTannote = 	 {}
}

@Misc{hive,
  OPTkey = 	 {},
  OPTauthor = 	 {},
  title = 	 {Apache {Hive} data warehouse},
  howpublished = {\url{http://hive.apache.org}},
  OPTmonth = 	 {},
  OPTyear = 	 {},
  note = 	 {Visited July, 2013},
  OPTannote = 	 {}
}

@TechReport{gartner3v,
  author = 	 {Doug Laney},
  title = 	 {3-{D} Data Management: Controlling Data Volume, Velocity and Variety},
  institution =  {Gartner, META Group},
  year = 	 {2001},
  OPTkey = 	 {},
  OPTtype = 	 {},
  number = 	 {949},
  OPTaddress = 	 {},
  OPTmonth = 	 {},
  OPTnote = 	 {},
  OPTannote = 	 {}
}

@misc{snia_2012,
author={Anil Vasudeva},
title={{NextGen} Infrastructure for Big Data},
note={Storage Networking Industry Association (SNIA) Education presentation, available online: \url{http://snia.org/sites/default/education/tutorials/2012/spring/storman/AnilVasudeva_NextGen_Storage_Big%20Data.pdf}},
year={2012},
}
